<record><leader>00990cam a2200301 i 4500</leader><controlfield tag="001">6811369</controlfield><controlfield tag="003">OCoLC</controlfield><controlfield tag="005">20150211011404.0</controlfield><controlfield tag="008">150105t20152015fr            000 f fre d</controlfield><datafield ind1=" " ind2=" " tag="020"><subfield code="a">9782081354807</subfield><subfield code="q">(pbk.)</subfield></datafield><datafield ind1=" " ind2=" " tag="020"><subfield code="a">2081354802</subfield><subfield code="q">(pbk.)</subfield></datafield><datafield ind1=" " ind2=" " tag="035"><subfield code="a">ocn900410783</subfield></datafield><datafield ind1=" " ind2=" " tag="040"><subfield code="a">AUXAM</subfield><subfield code="b">eng</subfield><subfield code="e">rda</subfield><subfield code="c">AUXAM</subfield><subfield code="d">OCLCQ</subfield><subfield code="d">C3L</subfield><subfield code="d">TEF</subfield><subfield code="d">OKU</subfield><subfield code="d">ERASP</subfield><subfield code="d">JHE</subfield><subfield code="d">UBY</subfield><subfield code="d">AEU</subfield></datafield><datafield ind1=" " ind2="4" tag="050"><subfield code="a">PQ2668.O77</subfield><subfield code="b">S68 2015</subfield></datafield><datafield ind1="1" ind2="4" tag="082"><subfield code="a">843</subfield><subfield code="2">14</subfield></datafield><datafield ind1=" " ind2=" " tag="090"><subfield code="a">PQ 2668 O77 S68 2015</subfield><subfield code="b">AEU</subfield></datafield><datafield ind1="1" ind2=" " tag="100"><subfield code="a">Houellebecq, Michel,</subfield><subfield code="e">author.</subfield></datafield><datafield ind1="1" ind2="0" tag="245"><subfield code="a">Soumission /</subfield><subfield code="c">Michel Houellebecq.</subfield></datafield><datafield ind1=" " ind2="1" tag="264"><subfield code="a">[Paris] :</subfield><subfield code="b">Flammarion,</subfield><subfield code="c">[2015]</subfield></datafield><datafield ind1=" " ind2="4" tag="264"><subfield code="c">&#169;2015</subfield></datafield><datafield ind1=" " ind2=" " tag="300"><subfield code="a">300 pages ;</subfield><subfield code="c">21 cm</subfield></datafield><datafield ind1=" " ind2=" " tag="336"><subfield code="a">text</subfield><subfield code="b">txt</subfield><subfield code="2">rdacontent</subfield></datafield><datafield ind1=" " ind2=" " tag="337"><subfield code="a">unmediated</subfield><subfield code="b">n</subfield><subfield code="2">rdamedia</subfield></datafield><datafield ind1=" " ind2=" " tag="338"><subfield code="a">volume</subfield><subfield code="b">nc</subfield><subfield code="2">rdacarrier</subfield></datafield><datafield ind1=" " ind2=" " tag="500"><subfield code="a">A novel.</subfield></datafield><datafield ind1=" " ind2=" " tag="596"><subfield code="a">43</subfield></datafield><datafield ind1=" " ind2=" " tag="949"><subfield code="a">PQ 2668 O77 S68 2015</subfield><subfield code="h">UAHS-B</subfield><subfield code="i">0162034228153</subfield></datafield><datafield ind1=" " ind2=" " tag="926"><subfield code="a">PQ 2668 O77 S68 2015</subfield><subfield code="w">LC</subfield><subfield code="c">1</subfield><subfield code="i">0162034228153</subfield><subfield code="d">1/29/2017</subfield><subfield code="e">1/23/2017</subfield><subfield code="l">ON_SHELF</subfield><subfield code="m">UAHSS</subfield><subfield code="n">19</subfield><subfield code="p">$150.00</subfield><subfield code="r">Y</subfield><subfield code="s">Y</subfield><subfield code="t">BOOK</subfield><subfield code="u">2/24/2015</subfield></datafield></record>